%%%%%%%%%%%%%%%%%%%%%%%%%%%%%%%%%%%%%%%%%%%%%%
%	GWT Bücher
%%%%%%%%%%%%%%%%%%%%%%%%%%%%%%%%%%%%%%%%%%%%%%

@book{Dewsbury2007,
	title = {Google Web Toolkit Applications},
	publisher = {Addison-Wesley Professional},
	year = {2007},
	author = {Ryan Dewsbury},
	edition = {1},
	month = {December}
}

@book{Geary2007,
	title = {Google Web Toolkit Solutions: More Cool \& Useful Stuff},
	publisher = {Prentice Hall},
	year = {2007},
	author = {David Geary and Rob Gordon},
	edition = {1},
	month = {November}
}

%URL = {http://www.amazon.com/Essential-GWT-Building-Toolkit-Developers/dp/0321705149%3FSubscriptionId%3D0JYN1NVW651KCA56C102%26tag%3Dtechkie-20%26linkCode%3Dxm2%26camp%3D2025%26creative%3D165953%26creativeASIN%3D0321705149}
@book{Kereki2011,
	Author = {Federico Kereki},
	Title = {Essential GWT: Building for the Web with Google Web Toolkit 2 (Developer's Library)},
	Publisher = {Addison-Wesley Professional},
	Year = {2010},
	ISBN = {0321705149},
}
%URL = {http://www.amazon.com/Google-Engine-Java-Application-Development/dp/1849690448%3FSubscriptionId%3D0JYN1NVW651KCA56C102%26tag%3Dtechkie-20%26linkCode%3Dxm2%26camp%3D2025%26creative%3D165953%26creativeASIN%3D1849690448}

@book{GuUn2010,
	Author = {Daniel Guermeur and Amy Unruh},
	Title = {Google App Engine Java and GWT Application Development},
	Publisher = {Packt Publishing},
	Year = {2010},
	ISBN = {1849690448},
}

%%%%%%%%%%%%%%%%%%%%%%%%%%%%%%%%%%%%%%%%%%%%%%
%	Software Bücher
%%%%%%%%%%%%%%%%%%%%%%%%%%%%%%%%%%%%%%%%%%%%%%

@book{Hoff2008,
	Author = {Dirk W. Hoffmann},
	Title = {Software-Qualität (eXamen.press) (German Edition)},
	Publisher = {Springer},
	Year = {2008},
	ISBN = {3540763228},
	URL = {http://www.springerlink.com/content/u3h345/#section=202486&page=18&locus=97}
}

%URL = {http://www.amazon.com/Software-Zahlen-Manfred-Baumgartner-Richard/dp/3446421750%3FSubscriptionId%3D0JYN1NVW651KCA56C102%26tag%3Dtechkie-20%26linkCode%3Dxm2%26camp%3D2025%26creative%3D165953%26creativeASIN%3D3446421750}
@book{BaSeSn2010,
	Author = {Manfred Baumgartner and Richard Seidl and Harry M. Sneed},
	Title = {Software in Zahlen},
	Publisher = {Hanser Fachbuchverlag},
	Year = {2010},
	ISBN = {3446421750},
}

%URL = {http://www.amazon.com/Software-Maintenance-Management-Application-Organizations/dp/0201042053%3FSubscriptionId%3D0JYN1NVW651KCA56C102%26tag%3Dtechkie-20%26linkCode%3Dxm2%26camp%3D2025%26creative%3D165953%26creativeASIN%3D0201042053}
@book{LiSw1980,
	Author = {Bennet P. Lientz and E. Burton Swanson},
	Title = {Software Maintenance Management: A Study of the Maintenance of Computer Application Software in 487 Data Processing Organizations},
	Publisher = {Addison-Wesley Pub (Sd)},
	Year = {1980},
	ISBN = {0201042053},
}

@misc{Prech1999,
	Author={Dr. Lutz Prechelt},
	Title={Ausgewählte Kapitel der Softwaretechnik},
	Publisher={Universität Karlsruhe},
	url={http://page.mi.fu-berlin.de/prechelt/swt2/skript.html},
	lastchecked={09.06.2012},
	Year={Online; Stand 13.04.1999}
}

%%%%%%%%%%%%%%%%%%%%%%%%%%%%%%%%%%%%%%%%%%%%%%
%	Wikipedia Artikel
%%%%%%%%%%%%%%%%%%%%%%%%%%%%%%%%%%%%%%%%%%%%%%
@MISC{wiki:001,
	author = {Wikipedia},
	title = {Google Web Toolkit --- Wikipedia{,} Die freie Enzyklopädie},
	url = {http://de.wikipedia.org/w/index.php?title=Google_Web_Toolkit&oldid=93426035},
	lastchecked={09.06.2012},
	year = "Online; Stand 9. September 2011"
}
@misc{ wiki:002,
	author = "Wikipedia",
	title = "Google Web Toolkit --- Wikipedia{,} The Free Encyclopedia",
	url = {http://en.wikipedia.org/w/index.php?title=Google_Web_Toolkit&oldid=483910278},
	lastchecked={09.06.2012},
	year = "Online; Stand 25. März 2012"
}

%%%%%%%%%%%%%%%%%%%%%%%%%%%%%%%%%%%%%%%%%%%%%%
%	GWT Webseiten
%%%%%%%%%%%%%%%%%%%%%%%%%%%%%%%%%%%%%%%%%%%%%%
@MISC{RF_cleancode,
	author = {Stefan},
	title = {Tutorial GWT Request Factory –- Part I},
	publisher = {cleancodematters.com},
	url = {http://cleancodematters.com/2011/06/04/tutorial-gwt-request-factory-part-i/},
	lastchecked={09.06.2012},
	year = {Online; Stand 04.06.2011}
}
@MISC{RF_objectify,
	author = {David Chandler},
	title = {Using GWT RequestFactory with Objectify},
	publisher = {http://turbomanage.wordpress.com},
	url = {http://turbomanage.wordpress.com/2011/03/25/using-gwt-requestfactory-with-objectify/},
  	lastchecked={09.06.2012},
	year = {Online; Stand 25.03.2011},
}
@MISC{RF_locator,
	author = {Cem Ikta},
	title = {Generic Entity Locator for Request Factory in GWT},
	publisher = {devsniper.com},
	url = {http://www.devsniper.com/generic-entity-locator-for-request-factory-in-gwt/},
  	lastchecked={09.06.2012},
	year = {Online; Stand 29.08.2011},
}
@MISC{RF_mitterer,
	author = {Michael Mitterer},
	title = {GWT (GooglWebToolkit) und die RequestFactory (CRUD Application)},
	publisher = {mikemitterer.at},
	url = {http://www.mikemitterer.at/english/infopoint/programmierung/gwt-requestfactory/},
	lastchecked={09.06.2012},
	year = {Online; Stand 2011},
}


%%%%%%%%%%%%%%%%%%%%%%%%%%%%%%%%%%%%%%%%%%%%%%
%	Dokumentationen
%%%%%%%%%%%%%%%%%%%%%%%%%%%%%%%%%%%%%%%%%%%%%%

@MISC{GWT,
	author = {Google},
	title = {Google Web Toolkit},
	url = {http://code.google.com/webtoolkit/},
	lastchecked={09.06.2012},
	year = {GWT 2.4; September 2011}
}
@MISC{GWT_DEV,
	author = {Google},
	title = {Google Web Toolkit -- Developer's Guide},
	url = {http://code.google.com/webtoolkit/doc/latest/DevGuide.html},
	lastchecked={09.06.2012},
	year = {GWT 2.4; September 2011}
}
@MISC{GWT_MVP,
	author = {Google},
	title = {Google Web Toolkit -- Large scale application development and MVP},
	url = {http://code.google.com/webtoolkit/articles/mvp-architecture.html},
	lastchecked={09.06.2012},
	year = {GWT 2.4; März 2010}
}
@MISC{GWT_REQ,
	author = {Google},
	title = {Google Web Toolkit -- Getting Started with RequestFactory},
	url = {http://code.google.com/webtoolkit/doc/latest/DevGuideRequestFactory.html},
	lastchecked={09.06.2012},
	year = {GWT 2.4; September 2011}
}
@MISC{GWT_UI,
	author = {Google},
	title = {Google Web Toolkit -- Declarative Layout with UiBinder},
	url = {http://code.google.com/webtoolkit/doc/latest/DevGuideUiBinder.html},
	lastchecked={09.06.2012},
	year = {GWT 2.4; September 2011}
}
@MISC{GWT_AP,
	author = {Google},
	title = {GWT Development with Activities and Places},
	url = {http://developers.google.com/web-toolkit/doc/latest/DevGuideMvpActivitiesAndPlaces},
	lastchecked={09.06.2012},
	year = {GWT 2.4; September 2011}
}

@MISC{GWT_RF,
	author = {Google},
	title = {Coding Basics - Deferred Binding},
	url = {http://developers.google.com/web-toolkit/doc/latest/DevGuideCodingBasicsDeferred},
	lastchecked={09.06.2012},
	year = {GWT 2.4; September 2011}
}

@MISC{GWT_IO,
	author = {Google},
	title = {Google I/O 2009 -- Best Practices for Architecting GWT Apps},
	url = {http://www.youtube.com/watch?v=PDuhR18-EdM},
	lastchecked={09.06.2012},
	year = {Video; Stand 01.06.2009}
}
@MISC{GWT_RN,
	author = {Google},
	title = {Google Web Toolkit Release Notes},
	url = {http://developers.google.com/web-toolkit/release-notes},
	lastchecked={09.06.2012},
	year = {Stand vom 09.06.2012}
}


@MISC{SONAR_Metrics,
	author = {Sonar},
	title = {Metric definitions},
	url = {http://docs.codehaus.org/display/SONAR/Java+Metric+Definitions},
	lastchecked={09.06.2012},
	year = {Stand vom 30.05.2012}
 }
 
 
@MISC{AIVOSTO_Metrics,
	author = {{Aivosto Oy}},
	title = {Cohesion metrics},
	url = {http://www.aivosto.com/project/help/pm-oo-cohesion.html},
	lastchecked={09.06.2012},
	note = {Online; Datum unbekannt}
 }
 
%%%%%%%%%%%%%%%%%%%%%%%%%%%%%%%%%%%%%%%%%%%%%%
%	Artikel
%%%%%%%%%%%%%%%%%%%%%%%%%%%%%%%%%%%%%%%%%%%%%%

@MISC{heise:001,
	author = {{heise online}},
	title = {VZ-Netzwerke unterziehen sich Radikalkur},
	url = {http://www.heise.de/newsticker/meldung/VZ-Netzwerke-unterziehen-sich-Radikalkur-1350969.html},
	lastchecked={09.06.2012},
	year = {28.09.2011},
}

@MISC{fowler06,
	author = {Martin Fowler},
	title = {GUI Architectures},
	url = {http://martinfowler.com/eaaDev/uiArchs.html},
	lastchecked={09.06.2012},
	year = {Online; Stand 18.07.2006},
}
@MISC{fowler06_2,
	author = {Martin Fowler},
	title = {Retirement note for Model View Presenter Pattern},
 	url = {http://www.martinfowler.com/eaaDev/ModelViewPresenter.html},
	lastchecked={09.06.2012},
	year = {Online, Stand 11.07.2006},
}
@MISC{Neumann2012,
	author = {Alexander Neumann},
	title = {Java-Frameworks: Zweikampf zwischen JSF und GWT},
	url = {http://www.heise.de/developer/meldung/Java-Frameworks-Zweikampf-zwischen-JSF-und-GWT-1546312.html},				lastchecked={09.06.2012},
	year = {24.04.2012},
}
 
%%%%%%%%%%%%%%%%%%%%%%%%%%%%%%%%%%%%%%%%%%%%%%
%	Sonstiges
%%%%%%%%%%%%%%%%%%%%%%%%%%%%%%%%%%%%%%%%%%%%%%

@booklet{Bruns11,
	author = {Ralf Bruns},
	title = {Softwareengineering I},
	howpublished = {Vorlesungsskript der Hochschule Hannover},
	year={Sommersemester 2011}
}
